<record xmlns="http://www.loc.gov/MARC21/slim" xmlns:xsi="http://www.w3.org/2001/XMLSchema-instance" xsi:schemaLocation="http://www.loc.gov/MARC21/slim http://www.loc.gov/standards/marcxml/schema/MARC21slim.xsd"><leader>01735nam a2200337   4500</leader><controlfield tag="001">001699460</controlfield><controlfield tag="003">NNU</controlfield><controlfield tag="006">m        d        </controlfield><controlfield tag="007">cr cn |||m|||a</controlfield><controlfield tag="008">140707s1958    ir      o     000 0 ara u</controlfield><datafield ind1=" " ind2=" " tag="040"><subfield code="a">NNU</subfield><subfield code="b">eng</subfield><subfield code="c">NNU</subfield></datafield><datafield ind1=" " ind2=" " tag="066"><subfield code="c">(3</subfield></datafield><datafield ind1=" " ind2=" " tag="090"><subfield code="a">PJ7538</subfield><subfield code="b">.M32</subfield></datafield><datafield ind1="1" ind2=" " tag="100"><subfield code="6">880-01</subfield><subfield code="a">Maqdis&#299;, An&#299;s</subfield></datafield><datafield ind1="1" ind2="0" tag="245"><subfield code="6">880-02</subfield><subfield code="a">Muqaddimah li-dir&#257;sat al-naqd f&#299; al-adab al-&#699;Arabi</subfield><subfield code="h">[electronic resource] :</subfield><subfield code="b">wa-hiya mu&#7717;&#257;dar&#257;t alq&#257;h&#257; bi-da&#699;wah min Kull&#299;yat al-Ma&#699;q&#363;l wa-al Manq&#363;l f&#299; J&#257;mi&#699;at &#7788;ihr&#257;n /</subfield><subfield code="c">An&#299;s al-Maqdis&#299;.</subfield></datafield><datafield ind1=" " ind2=" " tag="260"><subfield code="6">880-03</subfield><subfield code="a">&#7788;ihr&#257;n :</subfield><subfield code="b">J&#257;mi&#699;at &#7788;ihr&#257;n,</subfield><subfield code="c">1958</subfield></datafield><datafield ind1=" " ind2=" " tag="300"><subfield code="a">online resource (6, 131 p)</subfield></datafield><datafield ind1=" " ind2=" " tag="500"><subfield code="a">Part of the Arabic Collections Online (ACO) project, contributed by New York Univeristy Libraries.</subfield></datafield><datafield ind1=" " ind2=" " tag="504"><subfield code="a">Bibliography: p. 127-130</subfield></datafield><datafield ind1=" " ind2=" " tag="533"><subfield code="a">Electronic reproduction.</subfield><subfield code="b">New York, N.Y. :</subfield><subfield code="c">New York University,</subfield><subfield code="d">2014.</subfield><subfield code="5">NNU</subfield></datafield><datafield ind1=" " ind2="0" tag="650"><subfield code="a">Criticism</subfield><subfield code="x">History.</subfield></datafield><datafield ind1=" " ind2="0" tag="650"><subfield code="a">Arabic literature</subfield><subfield code="x">History and criticism.</subfield></datafield><datafield ind1="2" ind2=" " tag="710"><subfield code="a">New York University.</subfield><subfield code="b">Libraries.</subfield></datafield><datafield ind1="0" ind2=" " tag="730"><subfield code="a">Arabic Collections Online.</subfield></datafield><datafield ind1="0" ind2="8" tag="776"><subfield code="i">Print version:</subfield><subfield code="a">Maqdis&#299;, An&#299;s 880-01</subfield><subfield code="t">Muqaddimah li-dir&#257;sat al-naqd f&#299; al-adab al-&#699;Arabi</subfield><subfield code="w">(NNU)001699460</subfield></datafield><datafield ind1="4" ind2="0" tag="856"><subfield code="u">http://hdl.handle.net/2333.1/m63xskz9</subfield></datafield><datafield ind1="1" ind2=" " tag="880"><subfield code="6">100-01/</subfield><subfield code="a">&#1605;&#1602;&#1583;&#1587;&#1609;&#1548; &#1575;&#1606;&#1610;&#1587;&#1548;</subfield></datafield><datafield ind1="1" ind2="0" tag="880"><subfield code="6">245-02/</subfield><subfield code="a">&#1605;&#1602;&#1583;&#1605;&#1577; &#1604;&#1583;&#1585;&#1575;&#1587;&#1577; &#1575;&#1604;&#1606;&#1602;&#1583; &#1601;&#1609; &#1575;&#1604;&#1575;&#1583;&#1576; &#1575;&#1604;&#1593;&#1585;&#1576;&#1610; :</subfield><subfield code="b">&#1608;&#1607;&#1609; &#1605;&#1581;&#1575;&#1590;&#1585;&#1575;&#1578; &#1575;&#1604;&#1602;&#1575;&#1607;&#1575; &#1576;&#1583;&#1593;&#1608;&#1577; &#1605;&#1606; &#1603;&#1604;&#1610;&#1577; &#1575;&#1604;&#1605;&#1593;&#1602;&#1608;&#1604; &#1608;&#1575;&#1604;&#1605;&#1606;&#1602;&#1608;&#1604; &#1601;&#1609; &#1580;&#1575;&#1605;&#1593;&#1577; &#1591;&#1607;&#1585;&#1575;&#1606; /</subfield><subfield code="c">&#1575;&#1606;&#1610;&#1587; &#1575;&#1604;&#1605;&#1602;&#1583;&#1587;&#1609;.</subfield></datafield><datafield ind1=" " ind2=" " tag="880"><subfield code="6">260-03/</subfield><subfield code="a">&#1591;&#1607;&#1585;&#1575;&#1606; :</subfield><subfield code="b">&#1580;&#1575;&#1605;&#1593;&#1577; &#1591;&#1607;&#1585;&#1575;&#1606;&#1548;</subfield><subfield code="c">&#1633;&#1641;&#1637;&#1640;.</subfield></datafield><datafield ind1=" " ind2="0" tag="830"><subfield code="a">Publications de l'Universit&#233; de Tehran ;</subfield><subfield code="v">no. 440.</subfield></datafield><datafield ind1=" " ind2=" " tag="959"><subfield code="a">NNU</subfield><subfield code="b">WEB</subfield><subfield code="c">GENI</subfield><subfield code="t">0</subfield><subfield code="m">Electronic access</subfield><subfield code="s">01</subfield></datafield></record>